%% LaTeX2e file `dmas-gereon_matthia_wouter-traffic_memory-report.bib'
%% generated by the `filecontents' environment
%% from source `dmas-gereon_matthia_wouter-traffic_memory-report' on 2015/10/19.
%%
@article{gabel2012cooperative,
  title={The cooperative driver: Multi-agent learning for preventing traffic jams},
  author={Gabel, Thomas and Riedmiller, Martin},
  journal={International journal of traffic and transportation engineering},
  volume={1},
  number={4},
  pages={67--76},
  year={2012},
  publisher={Scientific \& Academic Publishing}
}

@article{chin2011q,
  title={Q-learning based traffic optimization in management of signal timing plan},
  author={Chin, Yit Kwong and Bolong, Nurmin and Kiring, Aroland and Yang, Soo Siang and Teo, Kenneth Tze Kin},
  journal={International Journal of Simulation, Systems, Science \& Technology},
  volume={12},
  number={3},
  pages={29--35},
  year={2011}
}

@article{france2003multiagent,
  title={A multiagent system for optimizing urban traffic},
  author={France, John and Ghorbani, Ali and others},
  booktitle={Intelligent Agent Technology, 2003. IAT 2003. IEEE/WIC International Conference on},
  pages={411--414},
  year={2003},
  organization={IEEE}
}

@article{ghose2005assessment,
  title={Assessment of the status of urban air pollution and its impact on human health in the city of Kolkata},
  author={Ghose, Mrinal K and Paul, R and Banerjee, RK},
  journal={Environmental monitoring and assessment},
  volume={108},
  number={1-3},
  pages={151--167},
  year={2005},
  publisher={Springer}
}

@phdthesis{krauss1998microscopic,
  title={Microscopic modeling of traffic flow: Investigation of collision free vehicle dynamics},
  author={Krau{\ss}, Stefan},
  year={1998},
  school={Universitat zu Koln.}
}
